<record><leader>00000cas a22000007a 4500</leader><controlfield tag="001">10386936</controlfield><controlfield tag="008">840208d18721962ctuwr ne      0    0eng d</controlfield><datafield ind1=" " ind2=" " tag="010"><subfield code="a">sn 84022396 </subfield></datafield><datafield ind1=" " ind2=" " tag="040"><subfield code="a">NPX</subfield><subfield code="b">eng</subfield><subfield code="c">NPX</subfield><subfield code="d">NPU</subfield><subfield code="d">CNW</subfield><subfield code="d">OCLCQ</subfield><subfield code="d">OCLCF</subfield><subfield code="d">OCLCO</subfield></datafield><datafield ind1="1" ind2=" " tag="029"><subfield code="a">AU@</subfield><subfield code="b">000020414436</subfield></datafield><datafield ind1=" " ind2=" " tag="042"><subfield code="a">msc</subfield></datafield><datafield ind1=" " ind2=" " tag="043"><subfield code="a">n-us-ct</subfield></datafield><datafield ind1="0" ind2=" " tag="130"><subfield code="a">Putnam patriot (Putnam, Conn. : 1872)</subfield></datafield><datafield ind1="1" ind2="0" tag="245"><subfield code="a">Putnam patriot.</subfield></datafield><datafield ind1=" " ind2=" " tag="260"><subfield code="a">Putnam, Conn. :</subfield><subfield code="b">E.C. Stone</subfield></datafield><datafield ind1=" " ind2=" " tag="300"><subfield code="a">v. ;</subfield><subfield code="c">57-73 cm.</subfield></datafield><datafield ind1=" " ind2=" " tag="310"><subfield code="a">Weekly</subfield></datafield><datafield ind1="0" ind2=" " tag="362"><subfield code="a">Vol. 1, no. 1 (Dec. 6, 1872)-v. 61, no. 17 (Apr. 26, 1962).</subfield></datafield><datafield ind1=" " ind2=" " tag="500"><subfield code="a">Editor: E.C. Stone, &lt;1873-1876&gt;; V. Rogers, &lt;1876&gt;.</subfield></datafield><datafield ind1=" " ind2=" " tag="500"><subfield code="a">"Republican."</subfield></datafield><datafield ind1=" " ind2=" " tag="525"><subfield code="a">Supplements accompany some issues.</subfield></datafield><datafield ind1=" " ind2=" " tag="525"><subfield code="a">Supplement with Sept. 10, 1886 published as: The Woodstock Bi-Centennial Recorder.</subfield></datafield><datafield ind1=" " ind2=" " tag="530"><subfield code="a">Available on microfilm from Putnam Public Library, Putnam, Conn.</subfield></datafield><datafield ind1=" " ind2=" " tag="580"><subfield code="a">Purchased part of the subscription list of: Windham County transcript, Nov. 28, 1872.</subfield></datafield><datafield ind1=" " ind2="0" tag="651"><subfield code="a">Putnam (Conn.)</subfield><subfield code="v">Newspapers.</subfield></datafield><datafield ind1=" " ind2="0" tag="651"><subfield code="a">Windham County (Conn.)</subfield><subfield code="v">Newspapers.</subfield></datafield><datafield ind1=" " ind2="7" tag="655"><subfield code="a">Newspapers.</subfield><subfield code="2">fast</subfield><subfield code="0">(OCoLC)fst01423814</subfield></datafield><datafield ind1=" " ind2="7" tag="651"><subfield code="a">Connecticut</subfield><subfield code="z">Putnam.</subfield><subfield code="2">fast</subfield><subfield code="0">(OCoLC)fst01219266</subfield></datafield><datafield ind1=" " ind2="7" tag="651"><subfield code="a">Connecticut</subfield><subfield code="z">Windham County.</subfield><subfield code="2">fast</subfield><subfield code="0">(OCoLC)fst01212082</subfield></datafield><datafield ind1="1" ind2=" " tag="700"><subfield code="a">Stone, Everett C.</subfield></datafield><datafield ind1="1" ind2=" " tag="700"><subfield code="a">Rogers, Vale.</subfield></datafield><datafield ind1=" " ind2=" " tag="752"><subfield code="a">United States</subfield><subfield code="b">Connecticut</subfield><subfield code="c">Windham</subfield><subfield code="d">Putnam.</subfield></datafield><datafield ind1="0" ind2="7" tag="785"><subfield code="t">Windham County observer</subfield><subfield code="w">(DLC)sn 92051419</subfield><subfield code="w">(OCoLC)26687060</subfield></datafield><datafield ind1="0" ind2="7" tag="785"><subfield code="t">Windham County observer, Putnam patriot</subfield><subfield code="w">(DLC)sn 92051427</subfield><subfield code="w">(OCoLC)26687215</subfield></datafield><datafield ind1="1" ind2=" " tag="787"><subfield code="t">Windham County transcript</subfield><subfield code="w">(DLC)sn 82014087</subfield><subfield code="w">(OCoLC)8766550</subfield></datafield></record>